Automatically generated by Mendeley Desktop 1.17.8
Any changes to this file will be lost if it is regenerated by Mendeley.

BibTeX export options can be customized via Options -> BibTeX in Mendeley Desktop

@article{tebbenjohanns2020motional,
  title={Motional sideband asymmetry of a nanoparticle optically levitated in free space},
  author={Tebbenjohanns, Felix and Frimmer, Martin and Jain, Vijay and Windey, Dominik and Novotny, Lukas},
  journal={Physical Review Letters},
  volume={124},
  number={1},
  pages={013603},
  year={2020},
  publisher={APS}
}

@article{vinante2019testing,
  title={Testing collapse models with levitated nanoparticles: Detection challenge},
  author={Vinante, A and Pontin, A and Rashid, M and Toro{\v{s}}, M and Barker, PF and Ulbricht, H},
  journal={Physical Review A},
  volume={100},
  number={1},
  pages={012119},
  year={2019},
  publisher={APS}
}

@article{hummer2019acoustic,
  title={Acoustic and Optical Properties of a Fast Spinning Dielectric Nanoparticle},
  author={H{\"u}mmer, Daniel and Lampert, Ren{\'e} and Kustura, Katja and Maurer, Patrick and Gonzalez-Ballestero, Carlos and Romero-Isart, Oriol},
  journal={arXiv preprint arXiv:1912.08537},
  year={2019}
}

@article{fein2019quantum,
  title={Quantum superposition of molecules beyond 25 kDa},
  author={Fein, Yaakov Y and Geyer, Philipp and Zwick, Patrick and Kia{\l}ka, Filip and Pedalino, Sebastian and Mayor, Marcel and Gerlich, Stefan and Arndt, Markus},
  journal={Nature Physics},
  volume={15},
  number={12},
  pages={1242--1245},
  year={2019},
  publisher={Nature Publishing Group}
}

@article{conangla2019overdamped,
  title={Overdamped dynamics of a Brownian particle levitated in a Paul trap},
  author={Conangla, Gerard P and Nwaigwe, Dwight and Wehr, Jan and Rica, Ra{\'u}l A},
  journal={arXiv preprint arXiv:1912.11317},
  year={2019}
}

@article{delord2019spin,
  title={Spin-Cooling of the Motion of a Trapped Diamond},
  author={Delord, T and Huillery, P and Nicolas, L and H{\'e}tet, G},
  journal={arXiv preprint arXiv:1905.11509},
  year={2019}
}

@article{conangla2019sensing,
  title={Sensing with the harmonic oscillator},
  author={Conangla, Gerard P},
  journal={arXiv preprint arXiv:1905.02612},
  year={2019}
}

@article{windey2019cavity,
  title={Cavity-based 3D cooling of a levitated nanoparticle via coherent scattering},
  author={Windey, Dominik and Gonzalez-Ballestero, Carlos and Maurer, Patrick and Novotny, Lukas and Romero-Isart, Oriol and Reimann, Ren{\'e}},
  journal={Physical review letters},
  volume={122},
  number={12},
  pages={123601},
  year={2019},
  publisher={APS}
}

@article{meyer2019resolved,
  title={Resolved-Sideband Cooling of a Levitated Nanoparticle in the Presence of Laser Phase Noise},
  author={Meyer, Nadine and De los Rios Sommer, Andr{\'e}s and Mestres, Pau and Gieseler, Jan and Jain, Vijay and Novotny, Lukas and Quidant, Romain},
  journal={Physical review letters},
  volume={123},
  number={15},
  pages={153601},
  year={2019},
  publisher={APS}
}

@article{quidant2019light,
  title={A light ride to the stars},
  author={Quidant, Romain},
  journal={Nature Photonics},
  volume={13},
  number={4},
  pages={227--228},
  year={2019},
  publisher={Nature Publishing Group}
}

@article{delic2019motional,
  title={Motional Quantum Ground State of a Levitated Nanoparticle from Room Temperature},
  author={Deli{\'c}, Uro{\v{s}} and Reisenbauer, Manuel and Dare, Kahan and Grass, David and Vuleti{\'c}, Vladan and Kiesel, Nikolai and Aspelmeyer, Markus},
  journal={arXiv preprint arXiv:1911.04406},
  year={2019}
}

@article{millen2019optomechanics,
  title={Optomechanics with levitated particles},
  author={Millen, James and Monteiro, Tania Scheel and Pettit, Robert and Vamivakas, Nick},
  journal={Reports on Progress in Physics},
  year={2019},
  publisher={IOP Publishing}
}

@article{bykov2019direct,
author = {Bykov,Dmitry S.  and Mestres,Pau  and Dania,Lorenzo  and Schmöger,Lisa  and Northup,Tracy E. },
title = {Direct loading of nanoparticles under high vacuum into a Paul trap for levitodynamical experiments},
journal = {Applied Physics Letters},
volume = {115},
number = {3},
pages = {034101},
year = {2019},
doi = {10.1063/1.5109645},
URL = {https://doi.org/10.1063/1.5109645},
eprint = {https://doi.org/10.1063/1.5109645}
}

@article{maitra2019far,
  title={Far-from-equilibrium noise-heating and laser-cooling dynamics in radio-frequency Paul traps},
  author={Maitra, A and Leibfried, D and Ullmo, D and Landa, H},
  journal={Physical Review A},
  volume={99},
  number={4},
  pages={043421},
  year={2019},
  publisher={APS}
}

@article{tebbenjohanns2019cold,
  title={Cold damping of an optically levitated nanoparticle to microkelvin temperatures},
  author={Tebbenjohanns, Felix and Frimmer, Martin and Militaru, Andrei and Jain, Vijay and Novotny, Lukas},
  journal={Physical review letters},
  volume={122},
  number={22},
  pages={223601},
  year={2019},
  publisher={APS}
}

@article{conangla2019optimal,
  title={Optimal Feedback Cooling of a charged Levitated Nanoparticle with Adaptive Control},
  author={Conangla, Gerard P and Ricci, Francesco and Cuairan, Marc T and Schell, Andreas W and Meyer, Nadine and Quidant, Romain},
  journal={Physical Review Letters},
  volume={122},
  number={22},
  pages={223602},
  year={2019},
  publisher={APS}
}

@article{timberlake2019static,
  title={Static force characterization with Fano anti-resonance in levitated optomechanics},
  author={Timberlake, Chris and Toro{\v{s}}, Marko and Hempston, David and Winstone, George and Rashid, Muddassar and Ulbricht, Hendrik},
  journal={Applied Physics Letters},
  volume={114},
  number={2},
  pages={023104},
  year={2019},
  publisher={AIP Publishing LLC}
}

@article{ricci2019accurate,
  title={Accurate mass measurement of a levitated nanomechanical resonator for precision force-sensing},
  author={Ricci, Francesco and Cuairan, Marc T and Conangla, Gerard P and Schell, Andreas W and Quidant, Romain},
  journal={Nano letters},
  year={2019},
  publisher={ACS Publications}
}

@article{slezak2018cooling,
  title={Cooling the motion of a silica microsphere in a magneto-gravitational trap in ultra-high vacuum},
  author={Slezak, Bradley R and Lewandowski, Charles W and Hsu, Jen-Feng and D’Urso, Brian},
  journal={New Journal of Physics},
  volume={20},
  number={6},
  pages={063028},
  year={2018},
  publisher={IOP Publishing}
}

@article{stickler2018probing,
  title={Probing macroscopic quantum superpositions with nanorotors},
  author={Stickler, Benjamin A and Papendell, Birthe and Kuhn, Stefan and Schrinski, Bj{\"o}rn and Millen, James and Arndt, Markus and Hornberger, Klaus},
  journal={New Journal of Physics},
  volume={20},
  number={12},
  pages={122001},
  year={2018},
  publisher={IOP Publishing}
}

@article{rashid2018precession,
  title={Precession motion in levitated optomechanics},
  author={Rashid, Muddassar and Toro{\v{s}}, Marko and Setter, Ashley and Ulbricht, Hendrik},
  journal={Physical review letters},
  volume={121},
  number={25},
  pages={253601},
  year={2018},
  publisher={APS}
}

@article{diehl2018optical,
  title={Optical levitation and feedback cooling of a nanoparticle at subwavelength distances from a membrane},
  author={Diehl, Rozenn and Hebestreit, Erik and Reimann, Ren{\'e} and Tebbenjohanns, Felix and Frimmer, Martin and Novotny, Lukas},
  journal={Physical Review A},
  volume={98},
  number={1},
  pages={013851},
  year={2018},
  publisher={APS}
}

@article{conangla2018motion,
  title={Motion control and optical interrogation of a levitating single NV in vacuum},
  author={Conangla, Gerard P. and Schell, Andreas W. and Rica, Ra{\'u}l A and Quidant, Romain},
  journal={Nano letters},
  year={2018},
  publisher={ACS Publications}
}

@article{rossi2018measurement,
  title={Measurement-based quantum control of mechanical motion},
  author={Rossi, Massimiliano and Mason, David and Chen, Junxin and Tsaturyan, Yeghishe and Schliesser, Albert},
  journal={Nature},
  volume={563},
  number={7729},
  pages={53},
  year={2018},
  publisher={Nature Publishing Group}
}

@article{gieseler2018levitated,
  title={Levitated nanoparticles for microscopic thermodynamics—a review},
  author={Gieseler, Jan and Millen, James},
  journal={Entropy},
  volume={20},
  number={5},
  pages={326},
  year={2018},
  publisher={Multidisciplinary Digital Publishing Institute}
}

@article{setter2018real,
  title={Real-time Kalman filter: Cooling of an optically levitated nanoparticle},
  author={Setter, Ashley and Toro{\v{s}}, Marko and Ralph, Jason F and Ulbricht, Hendrik},
  journal={Physical Review A},
  volume={97},
  number={3},
  pages={033822},
  year={2018},
  publisher={APS}
}

@article{winstone2018direct,
  title = {Direct measurement of the electrostatic image force of a levitated charged nanoparticle close to a surface},
  author = {Winstone, George and Bennett, Robert and Rademacher, Markus and Rashid, Muddassar and Buhmann, Stefan and Ulbricht, Hendrik},
  journal = {Phys. Rev. A},
  volume = {98},
  issue = {5},
  pages = {053831},
  numpages = {10},
  year = {2018},
  month = {Nov},
  publisher = {American Physical Society},
  doi = {10.1103/PhysRevA.98.053831},
  url = {https://link.aps.org/doi/10.1103/PhysRevA.98.053831}
}


@article{riedinger2018remote,
  title={Remote quantum entanglement between two micromechanical oscillators},
  author={Riedinger, Ralf and Wallucks, Andreas and Marinkovi{\'c}, Igor and L{\"o}schnauer, Clemens and Aspelmeyer, Markus and Hong, Sungkun and Gr{\"o}blacher, Simon},
  journal={Nature},
  volume={556},
  number={7702},
  pages={473},
  year={2018},
  publisher={Nature Publishing Group}
}

@article{marinkovic2018optomechanical,
  title={Optomechanical bell test},
  author={Marinkovi{\'c}, Igor and Wallucks, Andreas and Riedinger, Ralf and Hong, Sungkun and Aspelmeyer, Markus and Gr{\"o}blacher, Simon},
  journal={Physical review letters},
  volume={121},
  number={22},
  pages={220404},
  year={2018},
  publisher={APS}
}

@article{goldwater2018levitated,
  title={Levitated electromechanics: all-electrical cooling of charged nano-and micro-particles},
  author={Goldwater, Daniel and Stickler, Benjamin and Martinetz, Lukas and Northup, Tracy E and Hornberger, Klaus and Millen, James},
  journal={Quantum Science and Technology},
  year={2018},
  publisher={IOP Publishing}
}

@article{hempston2017force,
  title={Force sensing with an optically levitated charged nanoparticle},
  author={Hempston, David and Vovrosh, Jamie and Toro{\v{s}}, Marko and Winstone, George and Rashid, Muddassar and Ulbricht, Hendrik},
  journal={Applied Physics Letters},
  volume={111},
  number={13},
  pages={133111},
  year={2017},
  publisher={AIP Publishing LLC}
}

@article{tsaturyan2017ultracoherent,
  title={Ultracoherent nanomechanical resonators via soft clamping and dissipation dilution},
  author={Tsaturyan, Yeghishe and Barg, Andreas and Polzik, Eugene S and Schliesser, Albert},
  journal={Nature nanotechnology},
  volume={12},
  number={8},
  pages={776},
  year={2017},
  publisher={Nature Publishing Group}
}

@article{monteiro2017optical,
  title={Optical levitation of 10-ng spheres with nano-g acceleration sensitivity},
  author={Monteiro, Fernando and Ghosh, Sumita and Fine, Adam Getzels and Moore, David C},
  journal={Physical Review A},
  volume={96},
  number={6},
  pages={063841},
  year={2017},
  publisher={APS}
}

@article{cowperthwaite2017electromagnetic,
  title={The electromagnetic counterpart of the binary neutron star merger LIGO/Virgo GW170817. II. UV, optical, and near-infrared light curves and comparison to kilonova models},
  author={Cowperthwaite, PS and Berger, E and Villar, VA and Metzger, BD and Nicholl, M and Chornock, R and Blanchard, PK and Fong, W and Margutti, R and Soares-Santos, M and others},
  journal={The Astrophysical Journal Letters},
  volume={848},
  number={2},
  pages={L17},
  year={2017},
  publisher={IOP Publishing}
}

@article{frimmer2017controlling,
  title={Controlling the net charge on a nanoparticle optically levitated in vacuum},
  author={Frimmer, Martin and Luszcz, Karol and Ferreiro, Sandra and Jain, Vijay and Hebestreit, Erik and Novotny, Lukas},
  journal={Physical Review A},
  volume={95},
  number={6},
  pages={061801},
  year={2017},
  publisher={APS}
}

@article{ligo2017,
  title={GW170104: observation of a 50-solar-mass binary black hole coalescence at redshift 0.2},
  author={Abbott, BP and Abbott, R and Abbott, TD and Acernese, F and Ackley, K and Adams, C and Adams, T and Addesso, P and Adhikari, RX and others},
  journal={Physical Review Letters},
  volume={118},
  number={22},
  pages={221101},
  year={2017},
  publisher={APS}
}

@article{Yue2017,
  title = {Proposal for quantum many-body simulation and torsional matter-wave interferometry with a levitated nanodiamond},
  author = {Ma, Yue and Hoang, Thai M. and Gong, Ming and Li, Tongcang and Yin, Zhang-qi},
  journal = {Phys. Rev. A},
  volume = {96},
  issue = {2},
  pages = {023827},
  numpages = {9},
  year = {2017},
  month = {Aug},
  publisher = {American Physical Society},
  doi = {10.1103/PhysRevA.96.023827},
  url = {https://link.aps.org/doi/10.1103/PhysRevA.96.023827}
}

@article{hebestreit2018measuring,
  title={Measuring the internal temperature of a levitated nanoparticle in high vacuum},
  author={Hebestreit, Erik and Reimann, Ren{\'e} and Frimmer, Martin and Novotny, Lukas},
  journal={Physical Review A},
  volume={97},
  number={4},
  pages={043803},
  year={2018},
  publisher={APS}
}

@article{hebestreit2018sensing,
  title={Sensing static forces with free-falling nanoparticles},
  author={Hebestreit, Erik and Frimmer, Martin and Reimann, Ren{\'e} and Novotny, Lukas},
  journal={Physical review letters},
  volume={121},
  number={6},
  pages={063602},
  year={2018},
  publisher={APS}
}

@article{Rahman2017,
  title={Laser refrigeration, alignment and rotation of levitated Yb 3+: YLF nanocrystals},
  author={Rahman, ATM Anishur and Barker, PF},
  journal={Nature Photonics},
  volume={11},
  number={10},
  pages={634-638},
  year={2017},
  publisher={Nature Publishing Group}
}

@article{Delord2017strong,
  title = {Strong coupling between a single nitrogen-vacancy spin and the rotational mode of diamonds levitating in an ion trap},
  author = {Delord, T. and Nicolas, L. and Chassagneux, Y. and H\'etet, G.},
  journal = {Phys. Rev. A},
  volume = {96},
  issue = {6},
  pages = {063810},
  numpages = {7},
  year = {2017},
  month = {Dec},
  publisher = {American Physical Society},
  doi = {10.1103/PhysRevA.96.063810},
  url = {https://link.aps.org/doi/10.1103/PhysRevA.96.063810}
}

@article{Schell2017flying,
  title={``Flying Plasmons'': Fabry-P{\'e}rot Resonances in Levitated Silver Nanowires},
  author={Schell, Andreas W and Kuhlicke, Alexander and Kewes, G{\"u}nter and Benson, Oliver},
  journal={ACS Photonics},
  volume={4},
  number={11},
  pages={2719--2725},
  year={2017},
  publisher={ACS Publications}
}

@article{Delord2017thermometry,
author = {T. Delord and L. Nicolas and M. Bodini and G. Hétet},
title = {Diamonds levitating in a Paul trap under vacuum: Measurements of laser-induced heating via NV center thermometry},
journal = {Applied Physics Letters},
volume = {111},
number = {1},
pages = {013101},
year = {2017},
doi = {10.1063/1.4991670},
URL = {https://doi.org/10.1063/1.4991670},
eprint = {  https://doi.org/10.1063/1.4991670}
}

@article{Delord2017,
  author={T Delord and L Nicolas and L Schwab and G Hétet},
  title={Electron spin resonance from NV centers in diamonds levitating in an ion trap},
  journal={New Journal of Physics},
  volume={19},
  number={3},
  pages={033031},
  url={http://stacks.iop.org/1367-2630/19/i=3/a=033031},
  year={2017},
  abstract={We report observations of the electron spin resonance (ESR) of nitrogen vacancy centers in diamonds that are levitating in an ion trap. Using a needle Paul trap operating under ambient conditions, we demonstrate efficient microwave driving of the electronic spin and show that the spin properties of deposited diamond particles measured by the ESR are retained in the Paul trap. We also exploit the ESR signal to show angle stability of single trapped mono-crystals, a necessary step towards spin-controlled levitating macroscopic objects.}
}

@article{lee2017,
  title={Topical Review: Spins and mechanics in diamond},
  author={Lee, Donghun and Lee, Kenneth W and Cady, Jeffrey V and Ovartchaiyapong, Preeti and Jayich, Ania C Bleszynski},
  journal={Journal of Optics},
  volume={19},
  number={3},
  pages={033001},
  year={2017},
  publisher={IOP Publishing}
}

@article{holtkemeier2016dynamics,
  title={Dynamics of a single trapped ion immersed in a buffer gas},
  author={H{\"o}ltkemeier, Bastian and Weckesser, Pascal and L{\'o}pez-Carrera, Henry and Weidem{\"u}ller, Matthias},
  journal={Physical Review A},
  volume={94},
  number={6},
  pages={062703},
  year={2016},
  publisher={APS}
}

@article{armano2016sub,
  title={Sub-femto-g free fall for space-based gravitational wave observatories: LISA pathfinder results},
  author={Armano, Michele and Audley, Heather and Auger, Gerard and Baird, JT and Bassan, Massimo and et al},
  journal={Physical review letters},
  volume={116},
  number={23},
  pages={231101},
  year={2016},
  publisher={APS}
}

@article{ranjit2016zeptonewton,
  title={Zeptonewton force sensing with nanospheres in an optical lattice},
  author={Ranjit, Gambhir and Cunningham, Mark and Casey, Kirsten and Geraci, Andrew A},
  journal={Physical Review A},
  volume={93},
  number={5},
  pages={053801},
  year={2016},
  publisher={APS}
}

@article{Jain2016,
  title = {Direct Measurement of Photon Recoil from a Levitated Nanoparticle},
  author = {Jain, Vijay and Gieseler, Jan and Moritz, Clemens and Dellago, Christoph and Quidant, Romain and Novotny, Lukas},
  journal = {Phys. Rev. Lett.},
  volume = {116},
  issue = {24},
  pages = {243601},
  numpages = {5},
  year = {2016},
  month = {Jun},
  publisher = {American Physical Society},
}

@article{Juan2016,
author = {Juan, Mathieu L and Bradac, Carlo and Besga, Benjamin and Brennen, Gavin and Molina-terriza, Gabriel and Volz, Thomas},
doi = {10.1038/nphys3940},
file = {:Z$\backslash$:/1{\_}ICFO{\_}gerard/1{\_}Teoria/1{\_}Papers/2017{\_}03/dipole{\_}force{\_}NVs{\_}opticaltrap{\_}mJuan.pdf:pdf},
issn = {1745-2473},
journal = {Nature Physics},
number = {November},
title = {{Cooperatively-enhanced dipole forces from artificial atoms in trapped nanodiamonds}},
volume = {1},
year = {2016}
}

@article{Aharonovich2016,
author = {Aharonovich, Igor and Englund, Dirk and Toth, Milos},
doi = {10.1038/nphoton.2016.186},
file = {:C$\backslash$:/Users/gplanes/AppData/Local/Mendeley Ltd./Mendeley Desktop/Downloaded/Aharonovich, Englund, Toth - 2016 - Solid-state single-photon emitters.pdf:pdf},
isbn = {1749-4885},
issn = {1749-4885},
journal = {Nature Photonics},
number = {10},
pages = {631--641},
publisher = {Nature Publishing Group},
title = {{Solid-state single-photon emitters}},
url = {http://www.nature.com/doifinder/10.1038/nphoton.2016.186},
volume = {10},
year = {2016}
}

@article{Rahman2016,
  title={Burning and graphitization of optically levitated nanodiamonds in vacuum},
  author={Rahman, ATMA and Frangeskou, AC and Kim, MS and Bose, S and Morley, GW and Barker, PF},
  journal={Scientific reports},
  volume={6},
  pages={21633},
  year={2016},
  publisher={Nature Publishing Group}
}

@article{alda2016trapping,
  title={Trapping and manipulation of individual nanoparticles in a planar Paul trap},
  author={Alda, Irene and Berthelot, Johann and Rica, Ra{\'u}l A and Quidant, Romain},
  journal={Applied Physics Letters},
  volume={109},
  number={16},
  pages={163105},
  year={2016},
  publisher={AIP Publishing}
}

@article{Podoliak2016,
  title={Comparative numerical studies of ion traps with integrated optical cavities},
  author={Podoliak, Nina and Takahashi, Hiroki and Keller, Matthias and Horak, Peter},
  journal={Physical Review Applied},
  volume={6},
  number={4},
  pages={044008},
  year={2016},
  publisher={APS}
}

@article{fonseca2016nonlinear,
  title={Nonlinear dynamics and strong cavity cooling of levitated nanoparticles},
  author={Fonseca, PZG and Aranas, EB and Millen, J and Monteiro, TS and Barker, PF},
  journal={Physical review letters},
  volume={117},
  number={17},
  pages={173602},
  year={2016},
  publisher={APS}
}

@article{Melgaard2016,
abstract = {Since the first demonstration of net cooling twenty years ago, optical refrigeration of solids has progressed to outperform all other solid-state cooling processes. It has become the first and only solid-state refrigerator capable of reaching cryogenic temperatures, and now the first solid-state cooling below 100 K. Such substantial progress required a multi-disciplinary approach of pump laser absorption enhancement, material characterization and purification, and thermal management. Here we present the culmination of two decades of progress, the record cooling to ≈ 91 K from room temperature.},
author = {Melgaard, Seth D. and Albrecht, Alexander R. and Hehlen, Markus P. and Sheik-Bahae, Mansoor},
doi = {10.1038/srep20380},
file = {:Z$\backslash$:/1{\_}ICFO{\_}gerard/1{\_}Teoria/1{\_}Papers/2017{\_}03/srep{\_}solidstate{\_}cooling{\_}SMelgaard.pdf:pdf},
issn = {2045-2322},
journal = {Scientific reports},
pmid = {26847703},
publisher = {Nature Publishing Group},
title = {{Solid-state optical refrigeration to sub-100 Kelvin regime.}},
url = {http://www.nature.com/articles/srep20380{\%}5Cnhttp://www.nature.com/srep/2016/160205/srep20380/full/srep20380.html{\%}5Cnhttp://www.nature.com/articles/srep20380{\%}5Cnhttp://www.nature.com/srep/2016/160205/srep20380/full/srep20380.html},
volume = {6},
year = {2016}
}

@article{ranjit2015attonewton,
  title={Attonewton force detection using microspheres in a dual-beam optical trap in high vacuum},
  author={Ranjit, Gambhir and Atherton, David P and Stutz, Jordan H and Cunningham, Mark and Geraci, Andrew A},
  journal={Physical Review A},
  volume={91},
  number={5},
  pages={051805},
  year={2015},
  publisher={APS}
}

@article{mestres2015cooling,
  title={Cooling and manipulation of a levitated nanoparticle with an optical fiber trap},
  author={Mestres, Pau and Berthelot, Johann and Spasenovi{\'c}, Marko and Gieseler, Jan and Novotny, Lukas and Quidant, Romain},
  journal={Applied Physics Letters},
  volume={107},
  number={15},
  pages={151102},
  year={2015},
  publisher={AIP Publishing}
}

@article{yuan2015silicon,
  title={Silicon nitride membrane resonators at millikelvin temperatures with quality factors exceeding 108},
  author={Yuan, Mingyun and Cohen, Martijn A and Steele, Gary A},
  journal={Applied Physics Letters},
  volume={107},
  number={26},
  pages={263501},
  year={2015},
  publisher={AIP Publishing}
}

@article{wilson2015measurement,
  title={Measurement-based control of a mechanical oscillator at its thermal decoherence rate},
  author={Wilson, DJ and Sudhir, Vivishek and Piro, Nicolas and Schilling, Ryan and Ghadimi, Amir and Kippenberg, Tobias J},
  journal={Nature},
  volume={524},
  number={7565},
  pages={325},
  year={2015},
  publisher={Nature Publishing Group}
}

@article{Neukirch2015,
  title={Multi-dimensional single-spin nano-optomechanics with a levitated nanodiamond},
  author={Neukirch, Levi P and Von Haartman, Eva and Rosenholm, Jessica M and Vamivakas, A Nick},
  journal={Nature Photonics},
  volume={9},
  number={10},
  pages={653-657},
  year={2015},
  publisher={Nature Publishing Group}
}

@book{bertolotti2015masers,
  title={Masers and lasers: an historical approach},
  author={Bertolotti, Mario},
  year={2015},
  publisher={Crc Press}
}

@Article{howder2015thermally,
  author    = {Howder, Collin R and Long, Bryan A and Bell, David M and Anderson, Scott L},
  title     = {Thermally brightened CdSe/ZnS quantum dots as noncontact probes for surface chemistry studies of dark nanoparticles trapped in the gas phase},
  journal   = {The Journal of Physical Chemistry C},
  year      = {2015},
  volume    = {119},
  number    = {26},
  pages     = {14561--14570},
  publisher = {ACS Publications},
}

@article{hoang2016electron,
  title={Electron spin control of optically levitated nanodiamonds in vacuum},
  author={Hoang, Thai M and Ahn, Jonghoon and Bang, Jaehoon and Li, Tongcang},
  journal={Nature communications},
  volume={7},
  number={1},
  pages={1--8},
  year={2016},
  publisher={Nature Publishing Group}
}

@article{Nagornykh2015,
  title={Cooling of levitated graphene nanoplatelets in high vacuum},
  author={Nagornykh, Pavel and Coppock, Joyce E and Kane, BE},
  journal={Applied Physics Letters},
  volume={106},
  number={24},
  pages={244102},
  year={2015},
  publisher={AIP Publishing}
}

@article{millen2015cavity,
  title={Cavity cooling a single charged nanoparticle},
  author={Millen, J and Fonseca, PZG and Mavrogordatos, T and Monteiro, TS and Barker, PF},
  journal={Physical Review Letters},
  volume={114},
  number={2},
  year={2015}
}

@article{Ludlow2015,
abstract = {Optical atomic clocks represent the state-of-the-art in the frontier of modern measurement science. In this article we provide a detailed review on the development of optical atomic clocks that are based on trapped single ions and many neutral atoms. We discuss important technical ingredients for optical clocks, and we present measurement precision and systematic uncertainty associated with some of the best clocks to date. We conclude with an outlook on the exciting prospect for clock applications.},
archivePrefix = {arXiv},
arxivId = {1407.3493},
author = {Ludlow, Andrew D and Boyd, Martin M and Ye, Jun and Peik, Ekkehard and Schmidt, Piet O},
doi = {10.1393/ncr/i2013-10095-x},
eprint = {1407.3493},
file = {:Z$\backslash$:/1{\_}ICFO{\_}gerard/1{\_}Teoria/1{\_}Papers/2017{\_}03/atom{\_}clocks{\_}aLudlow{\_}revmodernphysics.pdf:pdf},
isbn = {0034-6861},
issn = {0393697X},
journal = {Preprint at arxiv.org/abs/1407.3493 (to appear on Rev. Mod. Phys.)},
number = {June},
title = {{Optical Atomic Clocks}},
url = {http://arxiv.org/abs/1407.3493},
volume = {87},
year = {2015}
}

@article{brownnutt2015ion,
  title={Ion-trap measurements of electric-field noise near surfaces},
  author={Brownnutt, M and Kumph, M and Rabl, P and Blatt, R},
  journal={Reviews of modern Physics},
  volume={87},
  number={4},
  pages={1419},
  year={2015},
  publisher={APS}
}

@book{jones2015optical,
  title={Optical tweezers: Principles and applications},
  author={Jones, Philip H and Marag{\`o}, Onofrio M and Volpe, Giovanni},
  year={2015},
  publisher={Cambridge University Press}
}

@article{Hensen2015,
  title={Loophole-free Bell inequality violation using electron spins separated by 1.3 kilometres},
  author={Hensen, Bas and Bernien, Hannes and Dr{\'e}au, Ana{\"\i}s E and Reiserer, Andreas and Kalb, Norbert and Blok, Machiel S and Ruitenberg, Just and Vermeulen, Raymond FL and Schouten, Raymond N and Abell{\'a}n, Carlos and et al},
  journal={Nature},
  volume={526},
  number={7575},
  pages={682--686},
  year={2015},
  publisher={Nature Research}
}

@article{Dolenko2015,
author = {Dolenko, Tatiana A. and Burikov, Sergey A. and Dolenko, Sergey A. and Efitorov, Alexander O. and Plastinin, Ivan V. and Yuzhakov, Viktor I. and Patsaeva, Svetlana V.},
title = {Raman Spectroscopy of Water–Ethanol Solutions: The Estimation of Hydrogen Bonding Energy and the Appearance of Clathrate-like Structures in Solutions},
journal = {The Journal of Physical Chemistry A},
volume = {119},
number = {44},
pages = {10806-10815},
year = {2015},
doi = {10.1021/acs.jpca.5b06678},
URL = {https://doi.org/10.1021/acs.jpca.5b06678},
eprint = {https://doi.org/10.1021/acs.jpca.5b06678}
}

@article{millen2014nanoscale,
  title={Nanoscale temperature measurements using non-equilibrium Brownian dynamics of a levitated nanosphere},
  author={Millen, J and Deesuwan, T and Barker, P and Anders, Janet},
  journal={Nature nanotechnology},
  volume={9},
  number={6},
  pages={425},
  year={2014},
  publisher={Nature Publishing Group}
}

@article{bateman2014near,
  title={Near-field interferometry of a free-falling nanoparticle from a point-like source},
  author={Bateman, James and Nimmrichter, Stefan and Hornberger, Klaus and Ulbricht, Hendrik},
  journal={Nature communications},
  volume={5},
  pages={4788},
  year={2014},
  publisher={Nature Publishing Group}
}

@Article{roldan2014measuring,
  author    = {Rold{\'a}n, {\'E}dgar and Mart{\'\i}nez, Ignacio A and Dinis, Luis and Rica, Ra{\'u}l A},
  title     = {Measuring kinetic energy changes in the mesoscale with low acquisition rates},
  journal   = {Applied Physics Letters},
  year      = {2014},
  volume    = {104},
  number    = {23},
  pages     = {234103},
  publisher = {AIP},
}

@article{moore2014search,
  title={Search for millicharged particles using optically levitated microspheres},
  author={Moore, David C and Rider, Alexander D and Gratta, Giorgio},
  journal={Physical review letters},
  volume={113},
  number={25},
  pages={251801},
  year={2014},
  publisher={APS}
}

@article{schneider2014observation,
  title={Observation of decoherence in a carbon nanotube mechanical resonator},
  author={Schneider, Ben H and Singh, Vibhor and Venstra, Warner J and Meerwaldt, Harold B and Steele, Gary A},
  journal={Nature communications},
  volume={5},
  pages={5819},
  year={2014},
  publisher={Nature Publishing Group}
}

@article{Kuhlicke2014,
  title={Nitrogen vacancy center fluorescence from a submicron diamond cluster levitated in a linear quadrupole ion trap},
  author={Kuhlicke, Alexander and Schell, Andreas W and Zoll, Joachim and Benson, Oliver},
  journal={Applied Physics Letters},
  volume={105},
  number={7},
  pages={073101},
  year={2014},
  publisher={AIP Publishing}
}

@article{Teissier2014,
  title={Strain coupling of a nitrogen-vacancy center spin to a diamond mechanical oscillator},
  author={Teissier, J and Barfuss, A and Appel, P and Neu, E and Maletinsky, P},
  journal={Physical review letters},
  volume={113},
  number={2},
  pages={020503},
  year={2014},
  publisher={APS}
}

@article{Albrecht2014,
  title={Testing quantum gravity by nanodiamond interferometry with nitrogen-vacancy centers},
  author={Albrecht, Andreas and Retzker, Alex and Plenio, Martin B},
  journal={Physical Review A},
  volume={90},
  number={3},
  pages={033834},
  year={2014},
  publisher={APS}
}

@Article{bell2014single,
  author    = {Bell, David M and Howder, Collin R and Johnson, Ryan C and Anderson, Scott L},
  title     = {Single CdSe/ZnS nanocrystals in an ion trap: charge and mass determination and photophysics evolution with changing mass, charge, and temperature},
  journal   = {ACS nano},
  year      = {2014},
  volume    = {8},
  number    = {3},
  pages     = {2387--2398},
  publisher = {ACS Publications},
}

@article{bagci2014optical,
  title={Optical detection of radio waves through a nanomechanical transducer},
  author={Bagci, Tolga and Simonsen, Anders and Schmid, Silvan and Villanueva, Luis G and Zeuthen, Emil and Appel, J{\"u}rgen and Taylor, Jacob M and S{\o}rensen, A and Usami, Koji and Schliesser, Albert and others},
  journal={Nature},
  volume={507},
  number={7490},
  pages={81--85},
  year={2014},
  publisher={Nature Publishing Group}
}

@article{Pfaff2014,
  title={Unconditional quantum teleportation between distant solid-state quantum bits},
  author={Pfaff, Wolfgang and Hensen, BJ and Bernien, Hannes and van Dam, Suzanne B and Blok, Machiel S and Taminiau, Tim H and Tiggelman, Marijn J and Schouten, Raymond N and Markham, Matthew and Twitchen, Daniel J and et al},
  journal={Science},
  volume={345},
  number={6196},
  pages={532--535},
  year={2014},
  publisher={American Association for the Advancement of Science}
}

@article{aspelmeyer2014,
  title={Cavity optomechanics},
  author={Aspelmeyer, Markus and Kippenberg, Tobias J and Marquardt, Florian},
  journal={Reviews of Modern Physics},
  volume={86},
  number={4},
  pages={1391},
  year={2014},
  publisher={APS}
}

@article{gieseler2013thermal,
  title={Thermal nonlinearities in a nanomechanical oscillator},
  author={Gieseler, Jan and Novotny, Lukas and Quidant, Romain},
  journal={Nature physics},
  volume={9},
  number={12},
  pages={806--810},
  year={2013},
  publisher={Nature Publishing Group}
}

@article{bassi2013models,
  title={Models of wave-function collapse, underlying theories, and experimental tests},
  author={Bassi, Angelo and Lochan, Kinjalk and Satin, Seema and Singh, Tejinder P and Ulbricht, Hendrik},
  journal={Reviews of Modern Physics},
  volume={85},
  number={2},
  pages={471},
  year={2013},
  publisher={APS}
}

@book{bender2013advanced,
  title={Advanced mathematical methods for scientists and engineers I: Asymptotic methods and perturbation theory},
  author={Bender, Carl M and Orszag, Steven A},
  year={2013},
  publisher={Springer Science \& Business Media}
}

@book{oksendal2013stochastic,
  title={Stochastic differential equations: an introduction with applications},
  author={Oksendal, Bernt},
  year={2013},
  publisher={Springer Science \& Business Media}
}

@article{wineland2013nobel,
  title={Nobel Lecture: Superposition, entanglement, and raising Schr{\"o}dinger’s cat},
  author={Wineland, David J},
  journal={Reviews of Modern Physics},
  volume={85},
  number={3},
  pages={1103},
  year={2013},
  publisher={APS}
}

@article{shaeffer2013mems,
  title={MEMS inertial sensors: A tutorial overview},
  author={Shaeffer, Derek K},
  journal={IEEE Communications Magazine},
  volume={51},
  number={4},
  pages={100--109},
  year={2013},
  publisher={IEEE}
}

@article{asenbaum2013cavity,
  title={Cavity cooling of free silicon nanoparticles in high vacuum},
  author={Asenbaum, Peter and Kuhn, Stefan and Nimmrichter, Stefan and Sezer, Ugur and Arndt, Markus},
  journal={Nature communications},
  volume={4},
  number={1},
  pages={1--7},
  year={2013},
  publisher={Nature Publishing Group}
}

@article{kiesel2013cavity,
  title={Cavity cooling of an optically levitated submicron particle},
  author={Kiesel, Nikolai and Blaser, Florian and Deli{\'c}, Uro{\v{s}} and Grass, David and Kaltenbaek, Rainer and Aspelmeyer, Markus},
  journal={Proceedings of the National Academy of Sciences},
  volume={110},
  number={35},
  pages={14180--14185},
  year={2013},
  publisher={National Acad Sciences}
}

@article{yin2013optomechanics,
  title={Optomechanics of levitated dielectric particles},
  author={Yin, Zhang-Qi and Geraci, Andrew A and Li, Tongcang},
  journal={International Journal of Modern Physics B},
  volume={27},
  number={26},
  pages={1330018},
  year={2013},
  publisher={World Scientific}
}

@article{Yin2013,
  title={Large quantum superpositions of a levitated nanodiamond through spin-optomechanical coupling},
  author={Yin, Zhang-qi and Li, Tongcang and Zhang, Xiang and Duan, LM},
  journal={Physical Review A},
  volume={88},
  number={3},
  pages={033614},
  year={2013},
  publisher={APS}
}

@article{Scala2013,
  title = {Matter-Wave Interferometry of a Levitated Thermal Nano-Oscillator Induced and Probed by a Spin},
  author = {Scala, M. and Kim, M. S. and Morley, G. W. and Barker, P. F. and Bose, S.},
  journal = {Phys. Rev. Lett.},
  volume = {111},
  issue = {18},
  pages = {180403},
  numpages = {5},
  year = {2013},
  month = {Oct},
  publisher = {American Physical Society},
  doi = {10.1103/PhysRevLett.111.180403},
  url = {https://link.aps.org/doi/10.1103/PhysRevLett.111.180403}
}

@article{Arita2013,
  title={Laser-induced rotation and cooling of a trapped microgyroscope in vacuum},
  author={Arita, Yoshihiko and Mazilu, Michael and Dholakia, Kishan},
  journal={Nature communications},
  volume={4},
  pages={2374},
  year={2013},
  publisher={Nature Publishing Group}
}

@article{Bar2013,
  title={Solid-state electronic spin coherence time approaching one second},
  author={Bar-Gill, Nir and Pham, Linh M and Jarmola, Andrejs and Budker, Dmitry and Walsworth, Ronald L},
  journal={Nature communications},
  volume={4},
  pages={1743},
  year={2013},
  publisher={Nature Publishing Group}
}

@article{locherbach2013ergodicity,
  title={Ergodicity and speed of convergence to equilibrium for diffusion processes},
  author={L{\"o}cherbach, Eva},
  journal={Unpublished manuscript, June},
  year={2013}
}

@article{Neukirch2013,
author = {Neukirch, Levi P and Gieseler, Jan and Quidant, Romain and Novotny, Lukas and Vamivakas, A Nick},
file = {:Z$\backslash$:/1{\_}ICFO{\_}gerard/1{\_}Teoria/1{\_}Papers/2016{\_}05/NV{\_}PL{\_}opt{\_}trap{\_}ambient{\_}pressure.pdf:pdf},
journal = {Optics Express},
number = {16},
title = {{Observation of nitrogen vacancy photoluminescence from an optically levitated nanodiamond}},
volume = {38},
year = {2013},
}

@book{novotny2012principles,
  title={Principles of nano-optics},
  author={Novotny, Lukas and Hecht, Bert},
  year={2012},
  publisher={Cambridge university press}
}

@article{roberts2012modify,
  title={Modify the Improved Euler scheme to integrate stochastic differential equations},
  author={Roberts, AJ},
  journal={arXiv preprint arXiv:1210.0933},
  year={2012}
}

@Article{krieger2012exploring,
  author    = {Krieger, Ulrich K and Marcolli, Claudia and Reid, Jonathan P},
  title     = {Exploring the complexity of aerosol particle properties and processes using single particle techniques},
  journal   = {Chemical Society Reviews},
  year      = {2012},
  volume    = {41},
  number    = {19},
  pages     = {6631--6662},
  publisher = {Royal Society of Chemistry},
}

@Article{park2012thermal,
  author    = {Park, Jae Hyun and Krsti{\'c}, Predrag S},
  title     = {Thermal noise in aqueous quadrupole micro-and nano-traps},
  journal   = {Nanoscale research letters},
  year      = {2012},
  volume    = {7},
  number    = {1},
  pages     = {156},
  publisher = {Springer},
}

@Article{davies2012time,
  author    = {Davies, James F and Haddrell, Allen E and Reid, Jonathan P},
  title     = {Time-resolved measurements of the evaporation of volatile components from single aerosol droplets},
  journal   = {Aerosol Science and Technology},
  year      = {2012},
  volume    = {46},
  number    = {6},
  pages     = {666--677},
  publisher = {Taylor \& Francis},
}

@article{kaltenbaek2012macroscopic,
  title={Macroscopic quantum resonators (MAQRO)},
  author={Kaltenbaek, Rainer and Hechenblaikner, Gerald and Kiesel, Nikolai and Romero-Isart, Oriol and Schwab, Keith C and Johann, Ulrich and Aspelmeyer, Markus},
  journal={Experimental Astronomy},
  volume={34},
  number={2},
  pages={123--164},
  year={2012},
  publisher={Springer}
}

@article{Gieseler2012,
  title={Subkelvin parametric feedback cooling of a laser-trapped nanoparticle},
  author={Gieseler, Jan and Deutsch, Bradley and Quidant, Romain and Novotny, Lukas},
  journal={Physical review letters},
  volume={109},
  number={10},
  pages={103603},
  year={2012},
  publisher={APS}
}
@article{Toyli2012,
  title = {Measurement and Control of Single Nitrogen-Vacancy Center Spins above 600 K},
  author = {Toyli, D. M. and Christle, D. J. and Alkauskas, A. and Buckley, B. B. and Van de Walle, C. G. and Awschalom, D. D.},
  journal = {Phys. Rev. X},
  volume = {2},
  issue = {3},
  pages = {031001},
  numpages = {7},
  year = {2012},
  month = {Jul},
  publisher = {American Physical Society},
  doi = {10.1103/PhysRevX.2.031001},
  url = {https://link.aps.org/doi/10.1103/PhysRevX.2.031001}
}

@article{doherty2012theory,
  title={Theory of the ground-state spin of the NV- center in diamond},
  author={Doherty, MW and Dolde, F and Fedder, H and Jelezko, Fedor and Wrachtrup, J and Manson, NB and Hollenberg, LCL},
  journal={Physical Review B},
  volume={85},
  number={20},
  pages={205203},
  year={2012},
  publisher={APS}
}

@article{chaste2012nanomechanical,
  title={A nanomechanical mass sensor with yoctogram resolution},
  author={Chaste, Julien and Eichler, A and Moser, J and Ceballos, G and Rurali, R and Bachtold, A},
  journal={Nature nanotechnology},
  volume={7},
  number={5},
  pages={301--304},
  year={2012},
  publisher={Nature Publishing Group}
}

@article{verhagen2012quantum,
  title={Quantum-coherent coupling of a mechanical oscillator to an optical cavity mode},
  author={Verhagen, Ewold and Del{\'e}glise, Samuel and Weis, Stefan and Schliesser, Albert and Kippenberg, Tobias J},
  journal={Nature},
  volume={482},
  number={7383},
  pages={63--67},
  year={2012},
  publisher={Nature Publishing Group}
}

@article{Li2011,
  title={Millikelvin cooling of an optically trapped microsphere in vacuum},
  author={Li, Tongcang and Kheifets, Simon and Raizen, Mark G},
  journal={Nature Physics},
  volume={7},
  pages={527--530},
  year={2011}
}

@article{Dolde2011,
  title={Electric-field sensing using single diamond spins},
  author={Dolde, Florian and Fedder, Helmut and Doherty, Marcus W and N{\"o}bauer, Tobias and Rempp, Florian and Balasubramanian, Gopalakrishnan and Wolf, Thomas and Reinhard, Friedemann and Hollenberg, Lloyd CL and Jelezko, Fedor and et al},
  journal={Nature Physics},
  volume={7},
  number={6},
  pages={459-463},
  year={2011},
  publisher={Nature Publishing Group}
}

@article{Teufel2011,
  title={Sideband cooling of micromechanical motion to the quantum ground state},
  author={Teufel, JD and Donner, Tobias and Li, Dale and Harlow, JW and Allman, MS and Cicak, Katarina and Sirois, AJ and Whittaker, Jed D and Lehnert, KW and Simmonds, Raymond W},
  journal={Nature},
  volume={475},
  number={7356},
  pages={359--363},
  year={2011},
  publisher={Nature Research}
}

@article{Chan2011,
  title={Laser cooling of a nanomechanical oscillator into its quantum ground state},
  author={Chan, Jasper and Alegre, TP Mayer and Safavi-Naeini, Amir H and Hill, Jeff T and Krause, Alex and Gr{\"o}blacher, Simon and Aspelmeyer, Markus and Painter, Oskar},
  journal={Nature},
  volume={478},
  number={7367},
  pages={89--92},
  year={2011},
  publisher={Nature Research}
}

@article{kane2010levitated,
  title={Levitated spinning graphene flakes in an electric quadrupole ion trap},
  author={Kane, BE},
  journal={Physical Review B},
  volume={82},
  number={11},
  pages={115441},
  year={2010},
  publisher={APS}
}

@article{barker2010cavity,
  title={Cavity cooling of an optically trapped nanoparticle},
  author={Barker, PF and Shneider, MN},
  journal={Physical Review A},
  volume={81},
  number={2},
  pages={023826},
  year={2010},
  publisher={APS}
}

@article{romero2010toward,
  title={Toward quantum superposition of living organisms},
  author={Romero-Isart, Oriol and Juan, Mathieu L and Quidant, Romain and Cirac, J Ignacio},
  journal={New Journal of Physics},
  volume={12},
  number={3},
  pages={033015},
  year={2010},
  publisher={IOP Publishing}
}

@article{stannigel2010optomechanical,
  title={Optomechanical transducers for long-distance quantum communication},
  author={Stannigel, Kai and Rabl, Peter and S{\o}rensen, Anders S and Zoller, Peter and Lukin, Mikhail D},
  journal={Physical review letters},
  volume={105},
  number={22},
  pages={220501},
  year={2010},
  publisher={APS}
}

@article{chang2010cavity,
  title={Cavity opto-mechanics using an optically levitated nanosphere},
  author={Chang, Darrick E and Regal, CA and Papp, SB and Wilson, DJ and Ye, J and Painter, O and Kimble, H Jeff and Zoller, P},
  journal={Proceedings of the National Academy of Sciences},
  volume={107},
  number={3},
  pages={1005--1010},
  year={2010},
  publisher={National Acad Sciences}
}

@article{Togan2010,
  title={Quantum entanglement between an optical photon and a solid-state spin qubit},
  author={Togan, Emre and Chu, Yiwen and Trifonov, AS and Jiang, Liang and Maze, Jeronimo and Childress, Lilian and Dutt, MV Gurudev and S{\o}rensen, Anders S{\o}ndberg and Hemmer, PR and Zibrov, Alexander S and et al},
  journal={Nature},
  volume={466},
  number={7307},
  pages={730-734},
  year={2010},
  publisher={Nature Publishing Group}
}

@article{Li2010,
  title={Measurement of the instantaneous velocity of a Brownian particle},
  author={Li, Tongcang and Kheifets, Simon and Medellin, David and Raizen, Mark G},
  journal={Science},
  volume={328},
  number={5986},
  year={2010},
  publisher={American Association for the Advancement of Science}
}

@article{Oconnell2010,
  title={Quantum ground state and single-phonon control of a mechanical resonator},
  author={O’Connell, Aaron D and Hofheinz, Max and Ansmann, Markus and Bialczak, Radoslaw C and Lenander, Mike and Lucero, Erik and Neeley, Matthew and Sank, Daniel and Wang, H and Weides, Ms},
  journal={Nature},
  volume={464},
  number={7289},
  pages={697–703},
  year={2010},
  publisher={Nature Publishing Group}
}

@article{rossler2009second,
  title={Second order Runge--Kutta methods for It{\^o} stochastic differential equations},
  author={R{\"o}{\ss}ler, Andreas},
  journal={SIAM Journal on Numerical Analysis},
  volume={47},
  number={3},
  pages={1713--1738},
  year={2009},
  publisher={SIAM}
}

@book{werth2009charged,
  title={Charged particle traps II},
  author={Werth, G{\"u}nter and Gheorghe, Viorica N and Major, Fouard G},
  year={2009},
  publisher={Springer}
}

@article{Rabl2009,
  title={Strong magnetic coupling between an electronic spin qubit and a mechanical resonator},
  author={Rabl, Peter and Cappellaro, P and Dutt, MV Gurudev and Jiang, Liang and Maze, JR and Lukin, Mikhail D},
  journal={Physical Review B},
  volume={79},
  number={4},
  pages={041302},
  year={2009},
  publisher={APS}
}

@article{Hall2009,
  title={Sensing of fluctuating nanoscale magnetic fields using nitrogen-vacancy centers in diamond},
  author={Hall, Liam T and Cole, Jared H and Hill, Charles D and Hollenberg, Lloyd CL},
  journal={Physical review letters},
  volume={103},
  number={22},
  pages={220802},
  year={2009},
  publisher={APS}
}

@article{lassagne2008ultrasensitive,
  title={Ultrasensitive mass sensing with a nanotube electromechanical resonator},
  author={Lassagne, B and Garcia-Sanchez, D and Aguasca, A and Bachtold, A},
  journal={Nano letters},
  volume={8},
  number={11},
  pages={3735--3738},
  year={2008},
  publisher={ACS Publications}
}

@article{hanson2008coherent,
  title={Coherent dynamics of a single spin interacting with an adjustable spin bath},
  author={Hanson, R and Dobrovitski, VV and Feiguin, AE and Gywat, O and Awschalom, DD},
  journal={Science},
  volume={320},
  number={5874},
  pages={352--355},
  year={2008},
  publisher={American Association for the Advancement of Science}
}

@article{Taylor2008,
  title={High-sensitivity diamond magnetometer with nanoscale resolution},
  author={Taylor, JM and Cappellaro, P and Childress, L and Jiang, L and Budker, D and Hemmer, PR and Yacoby, A and Walsworth, R and Lukin, MD},
  journal={Nature Physics},
  volume={4},
  number={10},
  pages={810--816},
  year={2008},
  publisher={Nature Publishing Group}
}

@article{muskens2007strong,
  title={Strong enhancement of the radiative decay rate of emitters by single plasmonic nanoantennas},
  author={Muskens, OL and Giannini, V and S{\'a}nchez-Gil, Jos{\'e} A and G{\'o}mez Rivas, J},
  journal={Nano letters},
  volume={7},
  number={9},
  pages={2871--2875},
  year={2007},
  publisher={ACS Publications}
}

@article{houck2007generating,
  title={Generating single microwave photons in a circuit},
  author={Houck, Andrew Addison and Schuster, DI and Gambetta, JM and Schreier, JA and Johnson, BR and Chow, JM and Frunzio, L and Majer, J and Devoret, MH and Girvin, SM and others},
  journal={Nature},
  volume={449},
  number={7160},
  pages={328--331},
  year={2007},
  publisher={Nature Publishing Group}
}

@article{Poggio2007,
  title = {Feedback Cooling of a Cantilever's Fundamental Mode below 5 mK},
  author = {Poggio, M. and Degen, C. L. and Mamin, H. J. and Rugar, D.},
  journal = {Phys. Rev. Lett.},
  volume = {99},
  issue = {1},
  pages = {017201},
  numpages = {4},
  year = {2007},
  month = {Jul},
  publisher = {American Physical Society}
}

@article{Simpson2007,
  title={Polarization-induced torque in optical traps},
  author={Simpson, Stephen H and Benito, David C and Hanna, Simon},
  journal={Physical Review A},
  volume={76},
  number={4},
  pages={043408},
  year={2007},
  publisher={APS}
}

@article{grimm2006charging,
  title={Charging mechanisms of trapped element-selectively excited nanoparticles exposed to soft X rays},
  author={Grimm, Michael and Langer, Burkhard and Schlemmer, Stephan and Lischke, Toralf and Becker, Uwe and Widdra, Wolf and Gerlich, Dieter and Flesch, Roman and R{\"u}hl, Eckart},
  journal={Physical review letters},
  volume={96},
  number={6},
  pages={066801},
  year={2006},
  publisher={APS}
}

@article{bushev2006feedback,
  title={Feedback cooling of a single trapped ion},
  author={Bushev, Pavel and Rotter, Daniel and Wilson, Alex and Dubin, Fran{\c{c}}ois and Becher, Christoph and Eschner, J{\"u}rgen and Blatt, Rainer and Steixner, Viktor and Rabl, Peter and Zoller, Peter},
  journal={Physical review letters},
  volume={96},
  number={4},
  pages={043003},
  year={2006},
  publisher={APS}
}

@book{Major2006,
  title={Charged particle traps: physics and techniques of charged particle field confinement},
  author={Major, Fouad G and Gheorghe, Viorica N and Werth, G{\"u}nther},
  volume={37},
  year={2006},
  publisher={Springer Science \& Business Media}
}

@article{hansen2005expanding,
  title={Expanding the optical trapping range of gold nanoparticles},
  author={Hansen, Poul Martin and Bhatia, Vikram Kj{\o}ller and Harrit, Niels and Oddershede, Lene},
  journal={Nano letters},
  volume={5},
  number={10},
  pages={1937--1942},
  year={2005},
  publisher={ACS Publications}
}

@article{strang2005characteristic,
  title={On the characteristic exponents of Floquet solutions to the Mathieu equation},
  author={Str{\"a}ng, Jan Eric},
  journal={arXiv preprint math-ph/0510076},
  year={2005}
}

@article{schlemmer2004interaction,
  title={Interaction of electrons and molecules with a single trapped nanoparticle},
  author={Schlemmer, S and Wellert, S and Windisch, F and Grimm, M and Barth, S and Gerlich, D},
  journal={Applied Physics A},
  volume={78},
  number={5},
  pages={629--636},
  year={2004},
  publisher={Springer}
}

@article{santesson2004airborne,
  title={Airborne chemistry: acoustic levitation in chemical analysis},
  author={Santesson, Sabina and Nilsson, Staffan},
  journal={Analytical and bioanalytical chemistry},
  volume={378},
  number={7},
  pages={1704--1709},
  year={2004},
  publisher={Springer}
}

@book{Gardiner2004,
  title={Quantum noise: a handbook of Markovian and non-Markovian quantum stochastic methods with applications to quantum optics},
  author={Gardiner, Crispin and Zoller, Peter},
  volume={56},
  year={2004},
  publisher={Springer Science \& Business Media}
}

@Article{whitten2004high,
  author    = {Whitten, William B and Reilly, Peter TA and Ramsey, J Michael},
  title     = {High-pressure ion trap mass spectrometry},
  journal   = {Rapid communications in mass spectrometry},
  year      = {2004},
  volume    = {18},
  number    = {15},
  pages     = {1749--1752},
  publisher = {Wiley Online Library},
}

@article{weber2003bose,
  title={Bose-Einstein condensation of cesium},
  author={Weber, Tino and Herbig, Jens and Mark, Michael and N{\"a}gerl, Hanns-Christoph and Grimm, Rudolf},
  journal={Science},
  volume={299},
  number={5604},
  pages={232--235},
  year={2003},
  publisher={American Association for the Advancement of Science}
}

@article{grier2003revolution,
  title={A revolution in optical manipulation},
  author={Grier, David G},
  journal={nature},
  volume={424},
  number={6950},
  pages={810--816},
  year={2003},
  publisher={Nature Publishing Group}
}

@article{Leibfried2003,
  title={Quantum dynamics of single trapped ions},
  author={Leibfried, Dietrich and Blatt, Rainer and Monroe, Christopher and Wineland, David},
  journal={Reviews of Modern Physics},
  volume={75},
  number={1},
  pages={281},
  year={2003},
  publisher={APS}
}

@article{benabid2002particle,
  title={Particle levitation and guidance in hollow-core photonic crystal fiber},
  author={Benabid, Fetah and Knight, JC and Russell, P St J},
  journal={Optics express},
  volume={10},
  number={21},
  pages={1195--1203},
  year={2002},
  publisher={Optical Society of America}
}

@article{kielpinski2002architecture,
  title={Architecture for a large-scale ion-trap quantum computer},
  author={Kielpinski, David and Monroe, Chris and Wineland, David J},
  journal={Nature},
  volume={417},
  number={6890},
  pages={709},
  year={2002},
  publisher={Nature Publishing Group}
}

@misc{nielsen2002quantum,
  title={Quantum computation and quantum information},
  author={Nielsen, Michael A and Chuang, Isaac},
  year={2002},
  publisher={American Association of Physics Teachers}
}

@article{Armour2002,
  title={Entanglement and decoherence of a micromechanical resonator via coupling to a Cooper-pair box},
  author={Armour, AD and Blencowe, MP and Schwab, Keith C},
  journal={Physical Review Letters},
  volume={88},
  number={14},
  pages={148301},
  year={2002},
  publisher={APS}
}

@article{bell2001there,
  title={Are there quantum jumps?},
  author={Bell, John Stewart},
  journal={John S. Bell on the foundations of quantum mechanics},
  pages={172},
  year={2001}
}

@book{friedman2001elements,
  title={The elements of statistical learning},
  author={Friedman, Jerome and Hastie, Trevor and Tibshirani, Robert},
  volume={1},
  number={10},
  year={2001},
  publisher={Springer series in statistics New York, NY, USA:}
}

@article{barbour2001inertial,
  title={Inertial sensor technology trends},
  author={Barbour, Neil and Schmidt, George},
  journal={IEEE sensors journal},
  volume={1},
  number={4},
  pages={332--339},
  year={2001},
  publisher={IEEE}
}

@article{de2000mass,
  title={Mass spectrometry},
  author={De Hoffmann, Edmond},
  journal={Kirk-Othmer Encyclopedia of Chemical Technology},
  year={2000},
  publisher={Wiley Online Library}
}

@article{Kurtsiefer2000,
  title = {Stable Solid-State Source of Single Photons},
  author = {Kurtsiefer, Christian and Mayer, Sonja and Zarda, Patrick and Weinfurter, Harald},
  journal = {Phys. Rev. Lett.},
  volume = {85},
  issue = {2},
  pages = {290--293},
  numpages = {0},
  year = {2000},
  month = {Jul},
  publisher = {American Physical Society},
  doi = {10.1103/PhysRevLett.85.290},
  url = {https://link.aps.org/doi/10.1103/PhysRevLett.85.290}
}

@article{cohadon1999cooling,
  title={Cooling of a mirror by radiation pressure},
  author={Cohadon, Pierre-Fran{\c{c}}ois and Heidmann, Antoine and Pinard, Michel},
  journal={Physical Review Letters},
  volume={83},
  number={16},
  pages={3174},
  year={1999},
  publisher={APS}
}

@article{gittes1998interference,
  title={Interference model for back-focal-plane displacement detection in optical tweezers},
  author={Gittes, Frederick and Schmidt, Christoph F},
  journal={Optics letters},
  volume={23},
  number={1},
  pages={7--9},
  year={1998},
  publisher={Optical Society of America}
}

@incollection{karatzas1998brownian,
  title={Brownian motion},
  author={Karatzas, Ioannis and Shreve, Steven E},
  booktitle={Brownian Motion and Stochastic Calculus},
  pages={47--127},
  year={1998},
  publisher={Springer}
}

@book{zhou1998essentials,
  title={Essentials of robust control},
  author={Zhou, Kemin and Doyle, John Comstock},
  volume={104},
  year={1998},
  publisher={Prentice hall Upper Saddle River, NJ}
}

@article{phillips1998nobel,
  title={Nobel Lecture: Laser cooling and trapping of neutral atoms},
  author={Phillips, William D},
  journal={Reviews of Modern Physics},
  volume={70},
  number={3},
  pages={721},
  year={1998},
  publisher={APS}
}

@article{izmailov1995microparticle,
  title={Microparticle driven by parametric and random forces: Theory and experiment},
  author={Izmailov, Alexander F and Arnold, Stephen and Holler, Stephen and Myerson, Allan S},
  journal={Physical Review E},
  volume={52},
  number={2},
  pages={1325},
  year={1995},
  publisher={APS}
}

@article{svoboda1994biological,
  title={Biological applications of optical forces},
  author={Svoboda, Karel and Block, Steven M},
  journal={Annual review of biophysics and biomolecular structure},
  volume={23},
  number={1},
  pages={247--285},
  year={1994},
  publisher={Annual Reviews 4139 El Camino Way, PO Box 10139, Palo Alto, CA 94303-0139, USA}
}

@article{bell1990against,
  title={Against ‘measurement’},
  author={Bell, John},
  journal={Physics world},
  volume={3},
  number={8},
  pages={33},
  year={1990},
  publisher={IOP Publishing}
}

@article{Paul1990,
  title = {Electromagnetic traps for charged and neutral particles},
  author = {Paul, Wolfgang},
  journal = {Rev. Mod. Phys.},
  volume = {62},
  issue = {3},
  pages = {531--540},
  numpages = {0},
  year = {1990},
  month = {Jul},
  publisher = {American Physical Society},
  doi = {10.1103/RevModPhys.62.531},
  url = {https://link.aps.org/doi/10.1103/RevModPhys.62.531}
}


@article{Lecture1989,
author = {Wolfgang Paul},
file = {:Z$\backslash$:/1{\_}ICFO{\_}gerard/1{\_}Teoria/1{\_}Papers/2017{\_}03/paul-nobel{\_}lecture.pdf:pdf},
title = {{Electromagnetic Traps for Charged Particles}},
journal = {Nobel Lecture},
year = {1989}
}

@article{joos1989langevin,
  title={Langevin equation for the parametric oscillator: a model for ion confinement in a radio frequency trap},
  author={Joos, E and Lindner, A},
  journal={Zeitschrift f{\"u}r Physik D Atoms, Molecules and Clusters},
  volume={11},
  number={4},
  pages={295--300},
  year={1989},
  publisher={Springer}
}

@article{Diedrich1989,
abstract = {A single trapped ' Hg+ ion was cooled by scattering laser radiation that was tuned to the resolved lower motional sideband of the narrow S]/2-D5/2 transition.},
author = {Diedrich, F. and Bergquist, J. C. and Itano, Wayne M. and Wineland, D. J.},
doi = {10.1103/PhysRevLett.62.403},
file = {:Z$\backslash$:/1{\_}ICFO{\_}gerard/1{\_}Teoria/1{\_}Papers/2017{\_}03/prl{\_}diedrich{\_}resolved{\_}sidb{\_}cooling{\_}wineland.pdf:pdf},
isbn = {0031-9007},
issn = {00319007},
journal = {Physical Review Letters},
number = {4},
pmid = {10040224},
title = {{Laser Cooling to the Zero-Point Energy of Motion}},
volume = {62},
year = {1989}
}

@article{ashkin1987optical_nature,
  title={Optical trapping and manipulation of single cells using infrared laser beams},
  author={Ashkin, Arthur and Dziedzic, James M and Yamane, T},
  journal={Nature},
  volume={330},
  number={6150},
  pages={769--771},
  year={1987},
  publisher={Springer}
}

@article{ashkin1987optical_science,
  title={Optical trapping and manipulation of viruses and bacteria},
  author={Ashkin, Arthur and Dziedzic, James M},
  journal={Science},
  volume={235},
  number={4795},
  pages={1517--1520},
  year={1987},
  publisher={American Association for the Advancement of Science}
}

@article{stengel1986stochastic,
  title={Stochastic optimal control: theory and application.},
  author={Stengel, Robert F},
  journal={New York},
  year={1986}
}

@article{blatt1986brownian,
  title={Brownian motion of a parametric oscillator: A model for ion confinement in radio frequency traps},
  author={Blatt, R and Zoller, P and Holzm{\"u}ller, G and Siemers, I},
  journal={Zeitschrift f{\"u}r Physik D Atoms, Molecules and Clusters},
  volume={4},
  number={2},
  pages={121--126},
  year={1986},
  publisher={Springer}
}

@article{chu1986experimental,
  title={Experimental observation of optically trapped atoms},
  author={Chu, Steven and Bjorkholm, JE and Ashkin, A and Cable, Alex},
  journal={Physical review letters},
  volume={57},
  number={3},
  pages={314},
  year={1986},
  publisher={APS}
}

@article{bergquist1986observation,
  title={Observation of quantum jumps in a single atom},
  author={Bergquist, JC and Hulet, Randall G and Itano, Wayne M and Wineland, DJ},
  journal={Physical review letters},
  volume={57},
  number={14},
  pages={1699},
  year={1986},
  publisher={APS}
}

@article{ashkin1986observation,
  title={Observation of a single-beam gradient force optical trap for dielectric particles},
  author={Ashkin, Arthur and Dziedzic, James M and Bjorkholm, JE and Chu, Steven},
  journal={Optics letters},
  volume={11},
  number={5},
  pages={288--290},
  year={1986},
  publisher={Optical Society of America}
}

@article{chu1985three,
  title={Three-dimensional viscous confinement and cooling of atoms by resonance radiation pressure},
  author={Chu, Steven and Hollberg, Leo and Bjorkholm, John E and Cable, Alex and Ashkin, Arthur},
  journal={Physical review letters},
  volume={55},
  number={1},
  pages={48},
  year={1985},
  publisher={APS}
}

@article{bender85m,
  title={M. \& Orszag, SA, 1978},
  author={Bender, CM},
  journal={Advanced Mathematical Methods for Scientists and Engineers},
  year={85}
}

@article{Migdall1985,
abstract = {We report the first observation of electromagnetically trapped neutral atoms. Laser cooled and stopped sodium atoms are confined in a magnetic quadrupole trap formed by two opposed, separat- ed, coaxial current loops. The decay time constant for atoms in the trap is 0.83(7) s and is limited mainly by collisions with background gas atoms. PACS},
author = {Migdall, Alan L. and Prodan, John V. and Phillips, William D. and Bergeman, Thomas H. and Metcalf, Harold J.},
doi = {10.1103/PhysRevLett.54.2596},
file = {:Z$\backslash$:/1{\_}ICFO{\_}gerard/1{\_}Teoria/1{\_}Papers/2017{\_}03/prl{\_}first{\_}atom{\_}magnetic{\_}trap{\_}bPhillips.pdf:pdf},
isbn = {0031-9007},
issn = {00319007},
journal = {Physical Review Letters},
number = {24},
pmid = {10031386},
title = {{First observation of magnetically trapped neutral atoms}},
volume = {54},
year = {1985}
}

@article{wineland1981spectroscopy,
  title={Spectroscopy of a single Mg+ ion},
  author={Wineland, DJ and Itano, Wayne M},
  journal={Physics Letters A},
  volume={82},
  number={2},
  pages={75--78},
  year={1981},
  publisher={Elsevier}
}

@article{ashkin1980applications,
  title={Applications of laser radiation pressure},
  author={Ashkin, Arthur},
  journal={Science},
  volume={210},
  number={4474},
  pages={1081--1088},
  year={1980},
  publisher={American Association for the Advancement of Science}
}

@article{ashkin1978trapping,
  title={Trapping of atoms by resonance radiation pressure},
  author={Ashkin, Arthur},
  journal={Physical Review Letters},
  volume={40},
  number={12},
  pages={729},
  year={1978},
  publisher={APS}
}

@article{neuhauser1980localized,
  title={Localized visible Ba+ mono-ion oscillator},
  author={Neuhauser, W and Hohenstatt, M and Toschek, PE and Dehmelt, H},
  journal={Physical Review A},
  volume={22},
  number={3},
  pages={1137},
  year={1980},
  publisher={APS}
}

@article{doyle1978guaranteed,
  title={Guaranteed margins for LQG regulators},
  author={Doyle, John C},
  journal={IEEE Transactions on automatic Control},
  volume={23},
  number={4},
  pages={756--757},
  year={1978},
  publisher={IEEE}
}

@article{neuhauser1978optical,
  title={Optical-sideband cooling of visible atom cloud confined in parabolic well},
  author={Neuhauser, W and Hohenstatt, M and Toschek, P and Dehmelt, H},
  journal={Physical Review Letters},
  volume={41},
  number={4},
  pages={233},
  year={1978},
  publisher={APS}
}

@article{Wineland1978,
  title={Radiation-pressure cooling of bound resonant absorbers},
  author={Wineland, David J and Drullinger, Robert E and Walls, Fred L},
  journal={Physical Review Letters},
  volume={40},
  number={25},
  pages={1639},
  year={1978},
  publisher={APS}
}

@article{ashkin1977feedback,
  title={Feedback stabilization of optically levitated particles},
  author={Ashkin, A and Dziedzic, JM},
  journal={Applied Physics Letters},
  volume={30},
  number={4},
  pages={202--204},
  year={1977},
  publisher={American Institute of Physics}
}

@article{ashkin1976optical,
  title={Optical levitation in high vacuum},
  author={Ashkin, A and Dziedzic, JM},
  journal={Applied Physics Letters},
  volume={28},
  number={6},
  pages={333--335},
  year={1976},
  publisher={American Institute of Physics}
}

@article{letokhov1976cooling,
  title={Cooling and trapping of atoms and molecules by a resonant laser field},
  author={Letokhov, VS and Minogin, VG and Pavlik, BD},
  journal={Optics Communications},
  volume={19},
  number={1},
  pages={72--75},
  year={1976},
  publisher={Elsevier}
}

@book{chow1975analysis,
  title={Analysis and control of dynamic economic systems},
  author={Chow, Gregory C and others},
  year={1975},
  publisher={Wiley}
}

@inproceedings{wineland1975proposed,
  title={Proposed 1014 delta upsilon less than upsilon laser fluorescence spectroscopy on t1+ mono-ion oscillator iii},
  author={Wineland, D. J. and Dehmelt, Hans},
  booktitle={Bulletin of the American Physical Society},
  volume={20},
  number={4},
  year={1975},
}

@article{wineland1973monoelectron,
  title={Monoelectron oscillator},
  author={Wineland, D and Ekstrom, Phil and Dehmelt, H},
  journal={Physical review letters},
  volume={31},
  number={21},
  pages={1279},
  year={1973},
  publisher={APS}
}

@book{kwakernaak1972linear,
  title={Linear optimal control systems},
  author={Kwakernaak, Huibert and Sivan, Raphael},
  volume={1},
  year={1972},
  publisher={Wiley-Interscience New York}
}

@article{ashkin1970acceleration,
  title={Acceleration and trapping of particles by radiation pressure},
  author={Ashkin, Arthur},
  journal={Physical review letters},
  volume={24},
  number={4},
  pages={156},
  year={1970},
  publisher={APS}
}

@article{Kubo1966,
  title={The fluctuation-dissipation theorem},
  author={Kubo, Rep},
  journal={Reports on progress in physics},
  volume={29},
  number={1},
  pages={255},
  year={1966},
  publisher={IOP Publishing}
}

@misc{dawon1963electric,
  title={Electric field controlled semiconductor device},
  author={Dawon, Kahng},
  year={1963},
  month=aug # "~27",
  publisher={Google Patents},
  note={US Patent 3,102,230}
}

@article{kalman1961,
  title={New results in linear filtering and prediction theory},
  author={Kalman, Rudolph E and Bucy, Richard S},
  journal={Journal of basic engineering},
  volume={83},
  number={1},
  pages={95--108},
  year={1961},
  publisher={American Society of Mechanical Engineers}
}

@article{kalman1960,
  title={A new approach to linear filtering and prediction problems},
  author={Kalman, Rudolph Emil},
  journal={Journal of basic Engineering},
  volume={82},
  number={1},
  pages={35--45},
  year={1960},
  publisher={American Society of Mechanical Engineers}
}

@article{feynman1960there,
  title={There's plenty of room at the bottom},
  author={Feynman, Richard P},
  journal={California Institute of Technology, Engineering and Science magazine},
  year={1960}
}

@article{wuerker1959electrodynamic,
  title={Electrodynamic containment of charged particles},
  author={Wuerker, Ralph F and Shelton, Haywood and Langmuir, RV},
  journal={Journal of Applied Physics},
  volume={30},
  number={3},
  pages={342--349},
  year={1959},
  publisher={American Institute of Physics}
}

@Misc{landau1959classical,
  author    = {Landau, LD and Lifshitz, EM},
  title     = {Classical Mechanics},
  year      = {1959},
  publisher = {Addison-Wesley, Reading, MA},
}

@article{Brown1956,
  title={Correlation between photons in two coherent beams of light},
  author={Brown, R Hanbury and Twiss, Richard Q},
  journal={Nature},
  volume={177},
  number={4497},
  pages={27--29},
  year={1956},
  publisher={Springer}
}

@article{schrodinger1952there,
  title={Are there quantum jumps? Part II},
  author={Schr{\"o}dinger, Erwin},
  journal={The British Journal for the Philosophy of science},
  volume={3},
  number={11},
  pages={233--242},
  year={1952},
  publisher={JSTOR}
}

@article{bardeen1948transistor,
  title={The transistor, a semi-conductor triode},
  author={Bardeen, John and Brattain, Walter Hauser},
  journal={Physical Review},
  volume={74},
  number={2},
  pages={230},
  year={1948},
  publisher={APS}
}

@article{wang1945,
  title={On the theory of the Brownian motion II},
  author={Wang, Ming Chen and Uhlenbeck, George Eugene},
  journal={Reviews of modern physics},
  volume={17},
  number={2-3},
  pages={323},
  year={1945},
  publisher={APS}
}

@article{schrodinger1935gegenwartige,
  title={Die gegenw{\"a}rtige Situation in der Quantenmechanik},
  author={Schr{\"o}dinger, Erwin},
  journal={Naturwissenschaften},
  volume={23},
  number={50},
  pages={844--849},
  year={1935},
  publisher={Springer-Verlag}
}

@book{von1932mathematical,
  title={Mathematical foundations of quantum mechanics: New edition},
  author={Von Neumann, John},
  year={1932},
  publisher={Sprinter}
}

@book{dirac1930principles,
  title={The principles of quantum mechanics},
  author={Dirac, Paul Adrien Maurice},
  year={1930},
  publisher={Oxford university press}
}

@article{schrodinger1926quantisierung,
  title={Quantisierung als eigenwertproblem},
  author={Schrödinger, Erwin},
  journal={Annalen der physik},
  volume={385},
  number={13},
  pages={437--490},
  year={1926},
  publisher={Wiley Online Library}
}

@article{heisenberg1925quantentheoretische,
  title={Über quantentheoretische Umdeutung kinematischer und mechanischer Beziehungen},
  author={Heisenberg, Werner},
  journal={Zeitschrift für Physik},
  volume={33},
  number={1},
  pages={870-893},
  year={1925},
  publisher={Springer}
}

@article{bohr1913,
  title={On the constitution of atoms and molecules},
  author={Bohr, Niels},
  journal={The London, Edinburgh, and Dublin Philosophical Magazine and Journal of Science},
  volume={26},
  number={153},
  pages={476--502},
  year={1913},
  publisher={Taylor \& Francis}
}

@article{einstein1905erzeugung,
  title={Über einen die Erzeugung und Verwandlung des Lichtes betreffenden heuristischen Gesichtspunkt},
  author={Einstein, Albert},
  journal={Annalen der physik},
  volume={322},
  number={6},
  pages={132--148},
  year={1905},
  publisher={Wiley Online Library}
}

@article{einstein1905molekularkinetischen,
  title={Über die von der molekularkinetischen Theorie der Wärme geforderte Bewegung von in ruhenden Flüssigkeiten suspendierten Teilchen},
  author={Einstein, Albert},
  journal={Annalen der physik},
  volume={322},
  number={8},
  pages={549--560},
  year={1905},
  publisher={Wiley Online Library}
}

@incollection{planck1901gesetz,
  title={{\"U}ber das gesetz der energieverteilung im normalspektrum},
  author={Planck, Max},
  journal={Annalen der Physik},
  number={2},
  pages={237--345},
  year={1901},
  publisher={Springer}
}

@article{Paschen1889,
  title={Ueber die zum Funken{\"u}bergang in Luft, Wasserstoff und Kohlens{\"a}ure bei verschiedenen Drucken erforderliche Potentialdifferenz},
  author={Paschen, Friedrich},
  journal={Annalen der Physik},
  volume={273},
  number={5},
  pages={69--96},
  year={1889},
  publisher={Wiley Online Library}
}
